@article{Giancoli:2000,
author = {D C Giancoli},
title = {Physics for Scientists and Engineers 3rd edn.},
journal = {Prentice Hall},
year = {2000}
}

@article{doc_fiz,
title={Doc Fizzix: Mousetrap Car},
journal={https://www.docfizzix.com/},
year = {Accessed 09/10/2019}