@article{Giancoli:2000,
author = {D C Giancoli},
title = {Physics for Scientists and Engineers 3rd edn.},
journal = {Prentice Hall},
year = {2000}
}