@article{Giancoli:2000,
author = {D C Giancoli},
title = {Physics for Scientists and Engineers 3rd edn.},
journal = {Prentice Hall},
year = {2000}
}

@article{Sen:2013,
author = {P C Sen},
title = {Principals of Electrical Machines and Power Electronics},
journal = {Wiley},
year = {2013}
}